
@article{koenig:2019_children,
  title = {Children's {{Judgments}} of {{Epistemic}} and {{Moral Agents}}: {{From Situations}} to {{Intentions}}:},
  shorttitle = {Children's {{Judgments}} of {{Epistemic}} and {{Moral Agents}}},
  author = {Koenig, Melissa A. and Tiberius, Valerie and Hamlin, J. Kiley},
  year = {2019},
  month = jan,
  publisher = {{SAGE PublicationsSage CA: Los Angeles, CA}},
  doi = {10.1177/1745691618805452},
  journal = {Perspectives on Psychological Science},
  language = {en}
}

@article{woo:2017_social,
  title = {Social Evaluation of Intentional, Truly Accidental, and Negligently Accidental Helpers and Harmers by 10-Month-Old Infants},
  author = {Woo, Brandon M. and Steckler, Conor M. and Le, Doan T. and Hamlin, J. Kiley},
  year = {2017},
  month = nov,
  volume = {168},
  pages = {154--163},
  issn = {0010-0277},
  doi = {10.1016/j.cognition.2017.06.029},
  journal = {Cognition},
  keywords = {Infant development,Intention,Negligence,Social cognition},
  language = {en}
}

@article{hamlin:2013_failed,
  title = {Failed Attempts to Help and Harm: {{Intention}} versus Outcome in Preverbal Infants' Social Evaluations},
  shorttitle = {Failed Attempts to Help and Harm},
  author = {Hamlin, J. Kiley},
  year = {2013},
  month = sep,
  volume = {128},
  pages = {451--474},
  issn = {0010-0277},
  doi = {10.1016/j.cognition.2013.04.004},
  journal = {Cognition},
  keywords = {Infancy,Intentionality,Moral cognition},
  language = {en},
  number = {3}
}

@article{kanakogi:2017_preverbal,
  title = {Preverbal Infants Affirm Third-Party Interventions That Protect Victims from Aggressors},
  author = {Kanakogi, Yasuhiro and Inoue, Yasuyuki and Matsuda, Goh and Butler, David and Hiraki, Kazuo and {Myowa-Yamakoshi}, Masako},
  year = {2017},
  month = jan,
  volume = {1},
  pages = {1--7},
  publisher = {{Nature Publishing Group}},
  issn = {2397-3374},
  doi = {10.1038/s41562-016-0037},
  abstract = {Over six experiments, Kanakogi et al. show that infants as young as 6\,months support third-party interventions that protect victims from aggressors. This suggests that human emphasis upon such acts is rooted within the preverbal infant's mind.},
  copyright = {2017 Macmillan Publishers Limited, part of Springer Nature.},
  file = {/Users/brittle/syncthing/papers/Kanakogi et al 2017 - Preverbal infants affirm third-party interventions that protect victims from.pdf},
  journal = {Nature Human Behaviour},
  language = {en},
  number = {2}
}

@article{li:2020_sense,
  title = {The Sense of Obligation in Children's Testimonial Learning},
  author = {Li, Pearl Han and Pesch, Annelise and Koenig, Melissa A.},
  year = {2020/ed},
  volume = {43},
  publisher = {{Cambridge University Press}},
  issn = {0140-525X, 1469-1825},
  doi = {10.1017/S0140525X19002486},
  journal = {Behavioral and Brain Sciences},
  language = {en}
}

@article{tomasello:2020_moral,
  title = {The Moral Psychology of Obligation},
  author = {Tomasello, Michael},
  year = {2020/ed},
  volume = {43},
  publisher = {{Cambridge University Press}},
  issn = {0140-525X, 1469-1825},
  doi = {10.1017/S0140525X19001742},
  journal = {Behavioral and Brain Sciences},
  keywords = {cooperation,fairness,morality,motivation,normativity,obligation,shared intentionality},
  language = {en}
}

@article{kushnir:2017_what,
  title = {What {{I Don}}'t {{Know Won}}'t {{Hurt You}}: {{The Relation Between Professed Ignorance}} and {{Later Knowledge Claims}}},
  shorttitle = {What {{I Don}}'t {{Know Won}}'t {{Hurt You}}},
  author = {Kushnir, Tamar and Koenig, Melissa},
  year = {2017},
  month = may,
  volume = {53},
  pages = {826--835},
  issn = {0012-1649},
  doi = {10.1037/dev0000294},
  journal = {Developmental Psychology},
  language = {ENGLISH},
  number = {5},
  pmid = {28358533}
}

@article{pesch:2018_varieties,
  title = {Varieties of Trust in Preschoolers' Learning and Practical Decisions},
  author = {Pesch, Annelise and Koenig, Melissa A.},
  year = {2018},
  month = aug,
  volume = {13},
  pages = {e0202506},
  publisher = {{Public Library of Science}},
  issn = {1932-6203},
  doi = {10.1371/journal.pone.0202506},
  journal = {PLOS ONE},
  keywords = {Analysis of variance,Attitudes (psychology),Behavior,Children,Emotions,Human learning,Information retrieval,Learning},
  language = {en},
  number = {8}
}

@article{ronfard:2019_how,
  title = {How Children Use Accuracy Information to Infer Informant Intentions and to Make Reward Decisions},
  author = {Ronfard, Samuel and Nelson, Laura and Dunham, Yarrow and Blake, Peter R.},
  year = {2019},
  month = jan,
  volume = {177},
  pages = {100--118},
  issn = {0022-0965},
  doi = {10.1016/j.jecp.2018.07.017},
  journal = {Journal of Experimental Child Psychology},
  keywords = {Accuracy,Children,Cooperation,Information value,Reciprocity,Testimony},
  language = {en}
}

@article{rakoczy:2020_how,
  title = {How Is the Moral Stance Related to the Intentional Stance and Group Thinking?},
  author = {Rakoczy, Hannes},
  year = {2020/ed},
  volume = {43},
  publisher = {{Cambridge University Press}},
  issn = {0140-525X, 1469-1825},
  doi = {10.1017/S0140525X19002413},
  journal = {Behavioral and Brain Sciences},
  language = {en}
}

@article{Call:2008di,
	Author = {Call, Josep and Tomasello, Michael},
	Journal = {Trends in Cognitive Sciences},
	Number = {5},
	Pages = {187-192},
	Title = {Does the chimpanzee have a theory of mind? 30 years later},
	Volume = {12},
	Year = {2008}}


@article{heyes:2014_animal,
	Author = {Heyes, Cecilia M.},
	Journal = {Psychonomic Bulletin \& Review},
	Number = {2},
	Pages = {313--327},
	Title = {Animal mindreading: what's the problem?},
	Volume = {22},
	Year = {2015}}
